<?xml version="1.0" encoding="UTF-8" ?>
<collection xmlns:xsi="http://www.w3.org/2001/XMLSchema-instance"
    xsi:schemaLocation="http://www.loc.gov/MARC21/slim
        http://www.loc.gov/standards/marcxml/schema/MARC21slim.xsd"
    xmlns="http://www.loc.gov/MARC21/slim">
<record>
  <leader>00222cam a2200409 i 4500</leader>
  <controlfield tag="001">b12323536</controlfield>
  <controlfield tag="003">LeBAU</controlfield>
  <controlfield tag="005">20131007</controlfield>
  <controlfield tag="008">970124s1953    ua       b    ||0 0 ara d</controlfield>
  <datafield tag="035" ind1=" " ind2=" ">
    <subfield code="a">ocn784199381</subfield>
  </datafield>
  <datafield tag="040" ind1=" " ind2=" ">
    <subfield code="a">LEAUB</subfield>
    <subfield code="b">ara</subfield>
    <subfield code="e">rda</subfield>
    <subfield code="c">LEAUB</subfield>
    <subfield code="d">LEAUB</subfield>
  </datafield>
  <datafield tag="082" ind1="0" ind2="4">
    <subfield code="a">170</subfield>
    <subfield code="2">22</subfield>
  </datafield>
  <datafield tag="100" ind1="1" ind2=" ">
    <subfield code="6">880-01</subfield>
    <subfield code="a">Lévy-Bruhl, Lucien,</subfield>
    <subfield code="d">1857-1939,</subfield>
    <subfield code="e">author.</subfield>
  </datafield>
  <datafield tag="245" ind1="1" ind2="0">
    <subfield code="6">880-02</subfield>
    <subfield code="a">al-Akhlāq wa-ʻilm al-ʻādāt al-akhlaqīyah /</subfield>
    <subfield code="c">taʼlīf Līfī Brīl, ‘uḍw Akādīmīyat al-‘Ulūm al-Akhlāqīyah bi-Bārīs wa-ustādh bi-al-Surbūn sābiqan ; tarjamahu Duktūr Maḥmūd Qāsim, ustādh falsafah bi-Jāmi‘at al-Qāhirah ; rājaʻahu Duktūr al-Sayyid Muḥammad Badawī, ustādh ‘ilm ijtimā‘ bi-Jāmi‘at al-Iskandarīyah.</subfield>
  </datafield>
  <datafield tag="250" ind1=" " ind2=" ">
    <subfield code="6">880-03</subfield>
    <subfield code="a">al-Ṭab‘ah al-thālithah.</subfield>
  </datafield>
  <datafield tag="264" ind1=" " ind2="1">
    <subfield code="6">880-04</subfield>
    <subfield code="a">Miṣr :</subfield>
    <subfield code="b">Sharikat Maktabat wa-Maṭba‘at Muṣṭafá al-Bābī al-Ḥalabī wa-Awlāduh,</subfield>
    <subfield code="c">1327 H. = 1953 M.</subfield>
  </datafield>
  <datafield tag="300" ind1=" " ind2=" ">
    <subfield code="6">880-05</subfield>
    <subfield code="a">b-z, 406 pages ;</subfield>
    <subfield code="c">24 cm</subfield>
  </datafield>
  <datafield tag="336" ind1=" " ind2=" ">
    <subfield code="a">text</subfield>
    <subfield code="b">txt</subfield>
    <subfield code="2">rdacontent</subfield>
  </datafield>
  <datafield tag="337" ind1=" " ind2=" ">
    <subfield code="a">unmediated</subfield>
    <subfield code="b">n</subfield>
    <subfield code="2">rdamedia</subfield>
  </datafield>
  <datafield tag="338" ind1=" " ind2=" ">
    <subfield code="a">volume</subfield>
    <subfield code="b">nc</subfield>
    <subfield code="2">rdacarrier</subfield>
  </datafield>
  <datafield tag="504" ind1=" " ind2=" ">
    <subfield code="a">يتضمن مراجع ببليوغرافية.</subfield>
  </datafield>
  <datafield tag="650" ind1=" " ind2="4">
    <subfield code="a">الأخلاق.</subfield>
  </datafield>
  <datafield tag="650" ind1=" " ind2="0">
    <subfield code="a">Ethics.</subfield>
  </datafield>
  <datafield tag="700" ind1="1" ind2=" ">
    <subfield code="6">880-06</subfield>
    <subfield code="a">Qāsim, Maḥmūd,</subfield>
    <subfield code="d">1913-1973,</subfield>
    <subfield code="e">translator.</subfield>
  </datafield>
  <datafield tag="700" ind1="1" ind2=" ">
    <subfield code="6">880-07</subfield>
    <subfield code="a">Badawī, al-Sayyid Muḥammad,</subfield>
    <subfield code="e">reviewer.</subfield>
  </datafield>
  <datafield tag="852" ind1=" " ind2=" ">
    <subfield code="a">Jafet Library</subfield>
    <subfield code="e">American University of Beirut, Bliss Street , Beirut, Lebanon.</subfield>
  </datafield>
  <datafield tag="880" ind1="1" ind2=" ">
    <subfield code="6">100-01/(3/r</subfield>
    <subfield code="a">ليفي-بريل، لوسيان،</subfield>
    <subfield code="d">1857-1939،</subfield>
    <subfield code="e">مؤلف. </subfield>
    <subfield code="4">aut.</subfield>
  </datafield>
  <datafield tag="880" ind1="1" ind2="0">
    <subfield code="6">245-02/(3/r</subfield>
    <subfield code="a">الأخلاق وعلم العادات الأخلاقية /</subfield>
    <subfield code="c">تأليف ليفي بريل، عضو أكاديمية العلوم الأخلاقية بباريس وأستاذ بالسربون سابقاُ ؛ ترجمه دكتور محمود قاسم، أستاذ فلسفة بجامعة القاهرة ؛ راجعه دكتور السيد محمد بدوي، أستاذ علم إجتماع بجامعة الإسكندرية.</subfield>
  </datafield>
  <datafield tag="880" ind1=" " ind2=" ">
    <subfield code="6">250-03/(3/r</subfield>
    <subfield code="a">الطبعة الثالثة.</subfield>
  </datafield>
  <datafield tag="880" ind1=" " ind2="1">
    <subfield code="6">264-04/(3/r</subfield>
    <subfield code="a">مصر :</subfield>
    <subfield code="b">شركة مكتبة ومطبعة مصطفى البابي الحلبي وأولاده،</subfield>
    <subfield code="c">1327 هـ. = 1953 م.</subfield>
  </datafield>
  <datafield tag="880" ind1=" " ind2=" ">
    <subfield code="6">300-05/(3/r</subfield>
    <subfield code="a">ب-ز، 406 صفحات ؛</subfield>
    <subfield code="c">24 سم</subfield>
  </datafield>
  <datafield tag="880" ind1="1" ind2=" ">
    <subfield code="6">700-06/(3/r</subfield>
    <subfield code="a">قاسم، محمود،</subfield>
    <subfield code="d">1913-1973،</subfield>
    <subfield code="e">مترجم. </subfield>
    <subfield code="4">trl.</subfield>
  </datafield>
  <datafield tag="880" ind1="1" ind2=" ">
    <subfield code="6">700-07/(3/r</subfield>
    <subfield code="a">بدوي، السيد محمد،</subfield>
    <subfield code="e">مراجع. </subfield>
    <subfield code="4">rev.</subfield>
  </datafield>
  <datafield tag="907" ind1=" " ind2=" ">
    <subfield code="a">.b12323536</subfield>
    <subfield code="b">16-07-25</subfield>
    <subfield code="c">11-05-24</subfield>
  </datafield>
  <datafield tag="907" ind1=" " ind2=" ">
    <subfield code="a">.b12323536</subfield>
    <subfield code="b">15-10-15</subfield>
    <subfield code="c">11-05-24</subfield>
  </datafield>
  <datafield tag="945" ind1=" " ind2=" ">
    <subfield code="f">J</subfield>
    <subfield code="a">170:L66aA:c.1</subfield>
    <subfield code="g">1</subfield>
    <subfield code="i">01002087</subfield>
    <subfield code="j">.i12753658</subfield>
    <subfield code="l">u0503</subfield>
  </datafield>
  <datafield tag="998" ind1=" " ind2=" ">
    <subfield code="a">u05</subfield>
    <subfield code="b">97-01-24</subfield>
    <subfield code="c">m</subfield>
    <subfield code="d">a</subfield>
    <subfield code="e">-</subfield>
    <subfield code="f">ara</subfield>
    <subfield code="g">ua </subfield>
    <subfield code="h">0</subfield>
    <subfield code="i">1</subfield>
  </datafield>
</record>
</collection>
